@Misc{projectwebsite,
	howpublished = {\url{http://snf-755277.vm.okeanos.grnet.gr/}},
	title = {Project website},
	author = {Website}
}

@Misc{projectgithub,
	howpublished = {\url{https://github.com/alextsil/twitter-topic-detection-and-analysis/}},
	title = {Project Github},
	author = {Github}
}

@Misc{tweepy,
	howpublished = {\url{http://www.tweepy.org/}},
	title = {Tweepy},
	author = {Tweepy}
}

@Misc{nltk,
	howpublished = {\url{http://www.nltk.org/}},
	title = {nltk},
	author = {nltk}
}

@Misc{pandas,
	howpublished = {\url{http://pandas.pydata.org/}},
	title = {pandas},
	author = {pandas}
}

@Misc{d3js,
	howpublished = {\url{https://d3js.org/}},
	title = {d3js},
	author = {d3js}
}


@inproceedings{petrovic2010streaming,
	title={Streaming first story detection with application to twitter},
	author={Petrovi{\'c}, Sa{\v{s}}a and Osborne, Miles and Lavrenko, Victor},
	booktitle={Human Language Technologies: The 2010 Annual Conference of the North American Chapter of the Association for Computational Linguistics},
	pages={181--189},
	year={2010},
	organization={Association for Computational Linguistics}
}

@inproceedings{Sankaranarayanan2009TwitterStandNI,
	title={TwitterStand: news in tweets},
	author={Jagan Sankaranarayanan and Hanan Samet and Benjamin E. Teitler and Michael D. Lieberman and Jon Sperling},
	booktitle={GIS},
	year={2009}
}

@article{sayyadigraph,
	title={A Graph Analytical Approach for Fast Topic Detection},
	author={Sayyadi, Hassan and Rschid, Louiqa}
}

@article{weng2011event,
	title={Event detection in twitter.},
	author={Weng, Jianshu and Lee, Bu-Sung},
	journal={ICWSM},
	volume={11},
	pages={401--408},
	year={2011}
}

@inproceedings{gao2013sequential,
	title={Sequential Summarization: A New Application for Timely Updated Twitter Trending Topics.},
	author={Gao, Dehong and Li, Wenjie and Zhang, Renxian},
	booktitle={ACL (2)},
	pages={567--571},
	year={2013},
	organization={Citeseer}
}

@article{cataldi2013personalized,
	title={Personalized emerging topic detection based on a term aging model},
	author={Cataldi, Mario and Caro, Luigi Di and Schifanella, Claudio},
	journal={ACM Transactions on Intelligent Systems and Technology (TIST)},
	volume={5},
	number={1},
	pages={7},
	year={2013},
	publisher={ACM}
}

@inproceedings{suen2013nifty,
	title={Nifty: a system for large scale information flow tracking and clustering},
	author={Suen, Caroline and Huang, Sandy and Eksombatchai, Chantat and Sosic, Rok and Leskovec, Jure},
	booktitle={Proceedings of the 22nd international conference on World Wide Web},
	pages={1237--1248},
	year={2013},
	organization={ACM}
}

@inproceedings{li2012twiner,
	title={Twiner: named entity recognition in targeted twitter stream},
	author={Li, Chenliang and Weng, Jianshu and He, Qi and Yao, Yuxia and Datta, Anwitaman and Sun, Aixin and Lee, Bu-Sung},
	booktitle={Proceedings of the 35th international ACM SIGIR conference on Research and development in information retrieval},
	pages={721--730},
	year={2012},
	organization={ACM}
}

@article{budak2011structural,
	title={Structural trend analysis for online social networks},
	author={Budak, Ceren and Agrawal, Divyakant and El Abbadi, Amr},
	journal={Proceedings of the VLDB Endowment},
	volume={4},
	number={10},
	pages={646--656},
	year={2011},
	publisher={VLDB Endowment}
}

@inproceedings{chatzakou2015multispot,
	title={Multispot: Spotting sentiments with semantic aware multilevel cascaded analysis},
	author={Chatzakou, Despoina and Passalis, Nikolaos and Vakali, Athena},
	booktitle={International Conference on Big Data Analytics and Knowledge Discovery},
	pages={337--350},
	year={2015},
	organization={Springer}
}

@inproceedings{socher2011semi,
	title={Semi-supervised recursive autoencoders for predicting sentiment distributions},
	author={Socher, Richard and Pennington, Jeffrey and Huang, Eric H and Ng, Andrew Y and Manning, Christopher D},
	booktitle={Proceedings of the conference on empirical methods in natural language processing},
	pages={151--161},
	year={2011},
	organization={Association for Computational Linguistics}
}

@article{paltoglou2012twitter,
	title={Twitter, MySpace, Digg: Unsupervised sentiment analysis in social media},
	author={Paltoglou, Georgios and Thelwall, Mike},
	journal={ACM Transactions on Intelligent Systems and Technology (TIST)},
	volume={3},
	number={4},
	pages={66},
	year={2012},
	publisher={ACM}
}

@inproceedings{pang2004sentimental,
	title={A sentimental education: Sentiment analysis using subjectivity summarization based on minimum cuts},
	author={Pang, Bo and Lee, Lillian},
	booktitle={Proceedings of the 42nd annual meeting on Association for Computational Linguistics},
	pages={271},
	year={2004},
	organization={Association for Computational Linguistics}
}

@article{dang2010lexicon,
	title={A lexicon-enhanced method for sentiment classification: An experiment on online product reviews},
	author={Dang, Yan and Zhang, Yulei and Chen, Hsinchun},
	journal={IEEE Intelligent Systems},
	volume={25},
	number={4},
	pages={46--53},
	year={2010},
	publisher={IEEE}
}

@inproceedings{chatzakou2013micro,
	title={Micro-blogging content analysis via emotionally-driven clustering},
	author={Chatzakou, Despoina and Koutsonikola, Vassiliki and Vakali, Athena and Kafetsios, Konstantinos},
	booktitle={Affective Computing and Intelligent Interaction (ACII), 2013 Humaine Association Conference on},
	pages={375--380},
	year={2013},
	organization={IEEE}
}

@article{hua2013sted,
	title={Sted: Semi-supervised targeted event detection},
	author={Hua, Ting and Chen, Feng and Zhao, Liang and Lu, Chang-Tien and Ramakrishnan, Naren},
	journal={KDD'13},
	pages={11--14},
	year={2013}
}

@article{abdelhaq2013eventweet,
	title={Eventweet: Online localized event detection from twitter},
	author={Abdelhaq, Hamed and Sengstock, Christian and Gertz, Michael},
	journal={Proceedings of the VLDB Endowment},
	volume={6},
	number={12},
	pages={1326--1329},
	year={2013},
	publisher={VLDB Endowment}
}

@inproceedings{mckelvey2013truthy,
	title={Truthy: Enabling the study of online social networks},
	author={McKelvey, Karissa Rae and Menczer, Filippo},
	booktitle={Proceedings of the 2013 conference on Computer supported cooperative work companion},
	pages={23--26},
	year={2013},
	organization={ACM}
}

@inproceedings{tang2014learning,
	title={Learning Sentiment-Specific Word Embedding for Twitter Sentiment Classification.},
	author={Tang, Duyu and Wei, Furu and Yang, Nan and Zhou, Ming and Liu, Ting and Qin, Bing},
	booktitle={ACL (1)},
	pages={1555--1565},
	year={2014}
}

@inproceedings{severyn2015unitn,
	title={Unitn: Training deep convolutional neural network for twitter sentiment classification},
	author={Severyn, Aliaksei and Moschitti, Alessandro},
	booktitle={Proceedings of the 9th International Workshop on Semantic Evaluation (SemEval 2015), Association for Computational Linguistics, Denver, Colorado},
	pages={464--469},
	year={2015}
}

@inproceedings{dos2014deep,
	title={Deep Convolutional Neural Networks for Sentiment Analysis of Short Texts.},
	author={Dos Santos, C{\'\i}cero Nogueira and Gatti, Maira},
	booktitle={COLING},
	pages={69--78},
	year={2014}
}

@inproceedings{mikolov2013distributed,
	title={Distributed representations of words and phrases and their compositionality},
	author={Mikolov, Tomas and Sutskever, Ilya and Chen, Kai and Corrado, Greg S and Dean, Jeff},
	booktitle={Advances in neural information processing systems},
	pages={3111--3119},
	year={2013}
}

@article{mahmud2012tweet,
	title={Where Is This Tweet From? Inferring Home Locations of Twitter Users.},
	author={Mahmud, Jalal and Nichols, Jeffrey and Drews, Clemens},
	journal={ICWSM},
	volume={12},
	pages={511--514},
	year={2012}
}

@inproceedings{cheng2010you,
	title={You are where you tweet: a content-based approach to geo-locating twitter users},
	author={Cheng, Zhiyuan and Caverlee, James and Lee, Kyumin},
	booktitle={Proceedings of the 19th ACM international conference on Information and knowledge management},
	pages={759--768},
	year={2010},
	organization={ACM}
}

@inproceedings{jurgens2015geolocation,
	title={Geolocation Prediction in Twitter Using Social Networks: A Critical Analysis and Review of Current Practice.},
	author={Jurgens, David and Finethy, Tyler and McCorriston, James and Xu, Yi Tian and Ruths, Derek},
	booktitle={ICWSM},
	pages={188--197},
	year={2015}
}

@inproceedings{compton2014geotagging,
	title={Geotagging one hundred million twitter accounts with total variation minimization},
	author={Compton, Ryan and Jurgens, David and Allen, David},
	booktitle={Big Data (Big Data), 2014 IEEE International Conference on},
	pages={393--401},
	year={2014},
	organization={IEEE}
}

@article{kong2014spot,
	title={Spot: Locating social media users based on social network context},
	author={Kong, Longbo and Liu, Zhi and Huang, Yan},
	journal={Proceedings of the VLDB Endowment},
	volume={7},
	number={13},
	pages={1681--1684},
	year={2014},
	publisher={VLDB Endowment}
}

@inproceedings{backstrom2010find,
	title={Find me if you can: improving geographical prediction with social and spatial proximity},
	author={Backstrom, Lars and Sun, Eric and Marlow, Cameron},
	booktitle={Proceedings of the 19th international conference on World wide web},
	pages={61--70},
	year={2010},
	organization={ACM}
}

@article{giachanou2016like,
	title={Like it or not: A survey of twitter sentiment analysis methods},
	author={Giachanou, Anastasia and Crestani, Fabio},
	journal={ACM Computing Surveys (CSUR)},
	volume={49},
	number={2},
	pages={28},
	year={2016},
	publisher={ACM}
}

@article{kharde2016sentiment,
	title={Sentiment analysis of twitter data: A survey of techniques},
	author={Kharde, Vishal and Sonawane, Prof and others},
	journal={arXiv preprint arXiv:1601.06971},
	year={2016}
}

@inproceedings{desai2016techniques,
	title={Techniques for sentiment analysis of Twitter data: A comprehensive survey},
	author={Desai, Mitali and Mehta, Mayuri A},
	booktitle={Computing, Communication and Automation (ICCCA), 2016 International Conference on},
	pages={149--154},
	year={2016},
	organization={IEEE}
}

@inproceedings{Bakliwal:2012:MST:2392963.2392970,
 author = {Bakliwal, Akshat and Arora, Piyush and Madhappan, Senthil and Kapre, Nikhil and Singh, Mukesh and Varma, Vasudeva},
 title = {Mining Sentiments from Tweets},
 booktitle = {Proceedings of the 3rd Workshop in Computational Approaches to Subjectivity and Sentiment Analysis},
 series = {WASSA '12},
 year = {2012},
 location = {Jeju, Republic of Korea},
 pages = {11--18},
 numpages = {8},
 url = {http://dl.acm.org/citation.cfm?id=2392963.2392970},
 acmid = {2392970},
 publisher = {Association for Computational Linguistics},
 address = {Stroudsburg, PA, USA},
} 

@article{go2009twitter,
  title={Twitter sentiment classification using distant supervision},
  author={Go, Alec and Bhayani, Richa and Huang, Lei},
  journal={CS224N Project Report, Stanford},
  volume={1},
  number={12},
  year={2009}
}

@article{bora2012summarizing,
  title={Summarizing public opinions in tweets},
  author={Bora, Nibir Nayan},
  journal={International Journal of Computational Linguistics and Applications},
  volume={3},
  number={1},
  pages={41--55},
  year={2012}
}

@inproceedings{Bueno2013SSAUOUS,
  title={SSA-UO: Unsupervised Sentiment Analysis in Twitter},
  author={Reynier Ortega Bueno and Adrian Fonseca Bruz{\'o}n and Yoan Guti{\'e}rrez-V{\'a}zquez and Andr{\'e}s Montoyo},
  booktitle={SemEval@NAACL-HLT},
  year={2013}
}

@InProceedings{nakov-EtAl:2013:SemEval-2013,
  author    = {Nakov, Preslav  and  Rosenthal, Sara  and  Kozareva, Zornitsa  and  Stoyanov, Veselin  and  Ritter, Alan  and  Wilson, Theresa},
  title     = {SemEval-2013 Task 2: Sentiment Analysis in Twitter},
  booktitle = {Second Joint Conference on Lexical and Computational Semantics (*SEM), Volume 2: Proceedings of the Seventh International Workshop on Semantic Evaluation (SemEval 2013)},
  month     = {June},
  year      = {2013},
  address   = {Atlanta, Georgia, USA},
  publisher = {Association for Computational Linguistics},
  pages     = {312--320},
  url       = {http://www.aclweb.org/anthology/S13-2052}
}

@inproceedings{Zhang2011CombiningLA,
  title={Combining Lexicon-based and Learning-based Methods for Twitter Sentiment Analysis},
  author={Lei Zhang and Riddhiman Ghosh and Mohamed Dekhil and Meichun Hsu and Bing Liu},
  year={2011}
}

@article{Ghiassi:2013:TBS:2506578.2506879,
 author = {Ghiassi, M. and Skinner, J. and Zimbra, D.},
 title = {Twitter Brand Sentiment Analysis: A Hybrid System Using N-gram Analysis and Dynamic Artificial Neural Network},
 journal = {Expert Syst. Appl.},
 issue_date = {November, 2013},
 volume = {40},
 number = {16},
 month = nov,
 year = {2013},
 issn = {0957-4174},
 pages = {6266--6282},
 numpages = {17},
 url = {http://dx.doi.org/10.1016/j.eswa.2013.05.057},
 doi = {10.1016/j.eswa.2013.05.057},
 acmid = {2506879},
 publisher = {Pergamon Press, Inc.},
 address = {Tarrytown, NY, USA},
 keywords = {DAN2, Feature engineering, Machine learning, SVM, Sentiment analysis, Twitter, Twitter-specific lexicon, n-gram analysis},
} 

@inproceedings{Khuc:2012:TBL:2245276.2245364,
 author = {Khuc, Vinh Ngoc and Shivade, Chaitanya and Ramnath, Rajiv and Ramanathan, Jay},
 title = {Towards Building Large-scale Distributed Systems for Twitter Sentiment Analysis},
 booktitle = {Proceedings of the 27th Annual ACM Symposium on Applied Computing},
 series = {SAC '12},
 year = {2012},
 isbn = {978-1-4503-0857-1},
 location = {Trento, Italy},
 pages = {459--464},
 numpages = {6},
 url = {http://doi.acm.org/10.1145/2245276.2245364},
 doi = {10.1145/2245276.2245364},
 acmid = {2245364},
 publisher = {ACM},
 address = {New York, NY, USA},
 keywords = {MapReduce, opinion mining, social networks, twitter},
} 

@inproceedings{Cui:2011:ETB:2189339.2189365,
 author = {Cui, Anqi and Zhang, Min and Liu, Yiqun and Ma, Shaoping},
 title = {Emotion Tokens: Bridging the Gap Among Multilingual Twitter Sentiment Analysis},
 booktitle = {Proceedings of the 7th Asia Conference on Information Retrieval Technology},
 series = {AIRS'11},
 year = {2011},
 isbn = {978-3-642-25630-1},
 location = {Dubai, United Arab Emirates},
 pages = {238--249},
 numpages = {12},
 url = {http://dx.doi.org/10.1007/978-3-642-25631-8_22},
 doi = {10.1007/978-3-642-25631-8_22},
 acmid = {2189365},
 publisher = {Springer-Verlag},
 address = {Berlin, Heidelberg},
 keywords = {Twitter sentiment analysis, emotion token, metwork informal language, multilingual sentiment analysis, sentiment lexicon},
} 

@inproceedings{Speriosu:2011:TPC:2140458.2140465,
 author = {Speriosu, Michael and Sudan, Nikita and Upadhyay, Sid and Baldridge, Jason},
 title = {Twitter Polarity Classification with Label Propagation over Lexical Links and the Follower Graph},
 booktitle = {Proceedings of the First Workshop on Unsupervised Learning in NLP},
 series = {EMNLP '11},
 year = {2011},
 isbn = {978-1-937284-13-8},
 location = {Edinburgh, Scotland},
 pages = {53--63},
 numpages = {11},
 url = {http://dl.acm.org/citation.cfm?id=2140458.2140465},
 acmid = {2140465},
 publisher = {Association for Computational Linguistics},
 address = {Stroudsburg, PA, USA},
} 

@inproceedings{Wang:2011:TSA:2063576.2063726,
 author = {Wang, Xiaolong and Wei, Furu and Liu, Xiaohua and Zhou, Ming and Zhang, Ming},
 title = {Topic Sentiment Analysis in Twitter: A Graph-based Hashtag Sentiment Classification Approach},
 booktitle = {Proceedings of the 20th ACM International Conference on Information and Knowledge Management},
 series = {CIKM '11},
 year = {2011},
 isbn = {978-1-4503-0717-8},
 location = {Glasgow, Scotland, UK},
 pages = {1031--1040},
 numpages = {10},
 url = {http://doi.acm.org/10.1145/2063576.2063726},
 doi = {10.1145/2063576.2063726},
 acmid = {2063726},
 publisher = {ACM},
 address = {New York, NY, USA},
 keywords = {graph-based classification, hashtag, sentiment analysis, twitter},
} 

@article{han2014text,
  title={Text-based twitter user geolocation prediction},
  author={Han, Bo and Cook, Paul and Baldwin, Timothy},
  journal={Journal of Artificial Intelligence Research},
  volume={49},
  pages={451--500},
  year={2014}
}

@inproceedings{mcgee2013location,
  title={Location prediction in social media based on tie strength},
  author={McGee, Jeffrey and Caverlee, James and Cheng, Zhiyuan},
  booktitle={Proceedings of the 22nd ACM international conference on Information \& Knowledge Management},
  pages={459--468},
  year={2013},
  organization={ACM}
}

@article{jurgens2013s,
  title={That's What Friends Are For: Inferring Location in Online Social Media Platforms Based on Social Relationships.},
  author={Jurgens, David},
  journal={ICWSM},
  volume={13},
  pages={273--282},
  year={2013}
}

@inproceedings{rout2013s,
  title={Where's@ wally?: a classification approach to geolocating users based on their social ties},
  author={Rout, Dominic and Bontcheva, Kalina and Preo{\c{t}}iuc-Pietro, Daniel and Cohn, Trevor},
  booktitle={Proceedings of the 24th ACM Conference on Hypertext and Social Media},
  pages={11--20},
  year={2013},
  organization={ACM}
}

@article{li2012multiple,
  title={Multiple location profiling for users and relationships from social network and content},
  author={Li, Rui and Wang, Shengjie and Chang, Kevin Chen-Chuan},
  journal={Proceedings of the VLDB Endowment},
  volume={5},
  number={11},
  pages={1603--1614},
  year={2012},
  publisher={VLDB Endowment}
}

@inproceedings{li2012towards,
  title={Towards social user profiling: unified and discriminative influence model for inferring home locations},
  author={Li, Rui and Wang, Shengjie and Deng, Hongbo and Wang, Rui and Chang, Kevin Chen-Chuan},
  booktitle={Proceedings of the 18th ACM SIGKDD international conference on Knowledge discovery and data mining},
  pages={1023--1031},
  year={2012},
  organization={ACM}
}

@article{davis2011inferring,
  title={Inferring the location of twitter messages based on user relationships},
  author={Davis Jr, Clodoveu A and Pappa, Gisele L and de Oliveira, Diogo Renn{\'o} Rocha and de L Arcanjo, Filipe},
  journal={Transactions in GIS},
  volume={15},
  number={6},
  pages={735--751},
  year={2011},
  publisher={Wiley Online Library}
}

@article{huberman2008social,
  title={Social networks that matter: Twitter under the microscope},
  author={Huberman, Bernardo A and Romero, Daniel M and Wu, Fang},
  year={2008}
}

@article{blei2003latent,
  title={Latent dirichlet allocation},
  author={Blei, David M and Ng, Andrew Y and Jordan, Michael I},
  journal={Journal of machine Learning research},
  volume={3},
  number={Jan},
  pages={993--1022},
  year={2003}
}
